@unpublished{ChapmanAltKnots,
  author={Harrison Chapman},
  title={On the structure and scarcity of alternating knots},
  year={In progress},
}


