@inproceedings{BIRSMarch2019,
  entrysubtype = {external},
  keywords =     {conference},
  author =       {Harrison Chapman},
  title =        {Steady states for crossing changes in knot diagrams},
  year =         2019,
  month =        3,
  organization = {Banff International Research Station (BIRS)},
  address =      {Banff, AB, Canada},
  eventtitle =   {The Topology of Nucleic Acids: Research at the Interface of Low-Dimensional Topology, Polymer Physics and Molecular Biology},
  note =         {Invited},
  video =        {http://www.birs.ca/events/2019/5-day-workshops/19w5226/videos/watch/201903251402-Chapman.html},
  slides =       {https://hchapman.github.io/talks/birs_steadystate/},
}

@inproceedings{OISTFeb2019,
  entrysubtype = {external},
  keywords =     {seminar},
  author =       {Harrison Chapman},
  title =        {Alternating knots are rare},
  year =         2019,
  month =        2,
  organization = {Okinawa Institute of Science and Technology},
  address =      {Okinawa, Japan},
  eventtitle =   {Geometry, Topology and Dynamics Seminar},
  note =         {Invited},
  slides =       {https://hchapman.github.io/talks/altknots/},
}

@inproceedings{AMSSF2018,
  entrysubtype = {external},
  keywords =     {conference},
  author =       {Harrison Chapman},
  title =        {{A {M}arkov chain sampler for knot diagrams}},
  year =         2018,
  month =        10,
  organization = {San Francisco State University},
  address =      {San Francisco, CA},
  eventtitle =   {Special Session on Mathematical Methods for the Study of the Three Dimensional Structure of Biopolymers
                  ({AMS} Fall Western Sectional Meeting 2018)},
  note =         {Invited},
  slides =       {https://hchapman.github.io/talks/amssf_markov/},
}

@inproceedings{KentuckyTAIA2018,
  entrysubtype = {external},
  keywords =     {conference},
  author =       {Harrison Chapman},
  title =        {Slipknots in unknot diagrams},
  year =         2018,
  month =        7,
  organization = {Western Kentucky University},
  address =      {Bowling Green, KY},
  eventtitle =   {2018 Summer Conference on Topology and its Applications},
  note =         {Invited},
}

@inproceedings{OchanomizuMay2018,
  entrysubtype = {external},
  keywords =     {seminar},
  author =       "Chapman, Harrison",
  organization = "Ochanomizu University",
  eventtitle =   "Deguchi Laboratory Seminar",
  title =        "Random Knot Diagrams: New results on open questions",
  address =      "Tokyo, Japan",
  month =        5,
  year =         2018,
  note =         {Invited},
}

@inproceedings{PIMSCRGWorkshop2018,
  entrysubtype = {external},
  keywords =     {conference},
  author =       {Harrison Chapman},
  title =        {{Monte Carlo sampling of knot diagrams (workshop tutorial)}},
  year =         2018,
  month =        3,
  organization = {University of British Columbia},
  address =      {Vancouver, BC},
  eventtitle =   {Approximate Enumeration of Polygons, Polymers and Link Diagrams},
  note =         {Invited},
}

@inproceedings{VancouverBCMarch2018,
  entrysubtype = {external},
  keywords =     {seminar},
  author =       "Chapman, Harrison",
  organization = "University of British Columbia",
  eventtitle =   "Discrete Math Seminar",
  title =        {{An efficient Markov chain sampler for plane curves}},
  address =      "Vancouver, BC",
  month =        3,
  year =         2018,
  note =         {Invited},
}

@inproceedings{CSUPostdoc2018,
  entrysubtype = {internal},
  keywords =     {seminar},
  author =       "Chapman, Harrison",
  organization = "Colorado State University",
  eventtitle =   "Postdoc Seminar",
  title =        "Statistical mechanics of knot diagrams",
  address =      "Fort Collins, CO",
  month =        3,
  year =         2018
}


@inproceedings{CMOMillet2017,
  entrysubtype = {external},
  keywords =     {conference},
  author =       {Harrison Chapman},
  title =        {Slipknotting in random knot diagrams},
  year =         2017,
  month =        11,
  organization = {Casa Matematica Oaxaca (CMO)},
  address =      {Oaxaca, Mexico},
  eventtitle =   {The Geometry and Topology of Knotting and Entanglement in Proteins},
  note =         {Invited},
  video =        {https://www.birs.ca/events/2017/5-day-workshops/17w5032/videos/watch/201711061715-Chapman.html},
}

@inproceedings{StuFest2017,
  entrysubtype = {external},
  keywords =     {conference},
  author =       {Harrison Chapman},
  title =        {A {S}umners-{W}hittington result for knot diagrams},
  year =         2017,
  month =        6,
  organization = {Fields Institute},
  address =      {Toronto, ON},
  eventtitle =   {Means, Methods, and Results in the Statistical Mechanics of Polymeric Systems II},
  note =         {Invited},
  video =        {http://www.fields.utoronto.ca/video-archive//event/2336/2017},
}

@inproceedings{Hunter2017,
  entrysubtype = {external},
  keywords =     {conference},
  author =       {Harrison Chapman},
  title =        {A {M}arkov chain sampler for knot diagrams},
  year =         2017,
  month =        5,
  organization = {Hunter College},
  address =      {New York, NY},
  eventtitle =   {Special Session on Invariants of Knots, Links, and 3-manifolds
                  ({AMS} Spring Eastern Sectional Meeting 2017)},
  note =         {Invited},
}

@inproceedings{CharlestonSCMarch2017Slip,
  entrysubtype = {external},
  keywords =     {conference},
  author =       "Chapman, Harrison",
  organization = "College of Charleston",
  eventtitle =   "Special Session on Knot Theory and its Applications ({AMS}
                  Spring Southeast Sectional Meeting 2017)",
  title =        "Slipknotting in the Knot Diagram Model",
  address =      "Charleston, SC",
  month =        3,
  year =         2017,
  note =         {Invited},
}

@inproceedings{AtlantaGAJanuary2017Slip,
  entrysubtype = {external},
  keywords =     {conference},
  author =       "Chapman, Harrison",
  eventtitle =   "MAA Invited Paper Session on Random Polygons and Knots (Joint
                  Mathematics Meetings 2017)",
  title =        "Slipknotting in the Knot Diagram Model",
  address =      "Atlanta, GA",
  month =        1,
  year =         2017,
  note =         {Invited},
}

@inproceedings{DemorestGANovember2016Rand,
  entrysubtype = {external},
  keywords =     {seminar,lecture},
  author =       "Chapman, Harrison",
  organization = "Piedmont College",
  eventtitle =   "Annual Math and Physics Lecture",
  title =        "Random knots in physics and biology",
  address =      "Demorest, GA",
  month =        11,
  year =         2016,
  note =         {Invited},
}

@inproceedings{VancouverBCJuly2016Asym,
  entrysubtype = {external},
  keywords =     {conference},
  author =       "Chapman, Harrison",
  eventtitle =   "28\textsuperscript{th} International Conference on Formal
                  Power Series and Algebraic Combinatorics",
  eventtitleaddon ={FPSAC 2016},
  title =        "Asymptotic laws for knot diagrams",
  address =      "Vancouver, BC",
  month =        7,
  year =         2016
}

@inproceedings{BloomingtonINApril2016Asym,
  entrysubtype = {external},
  keywords =     {conference},
  author =       "Chapman, Harrison",
  organization = "IU Bloomington",
  eventtitle =   "Graduate Student Topology and Geometry Conference 2016",
  title =        "Asymptotic laws for knot diagrams",
  address =      "Bloomington, IN",
  month =        4,
  year =         2016
}

@inproceedings{SeattleWAJanuary2016A,
  entrysubtype = {external},
  keywords =     {conference},
  author =       "Chapman, Harrison",
  eventtitle =   "MAA Session on Mathematical Modeling in the Undergraduate
                  Classroom (Joint Mathematics Meetings 2016)",
  title =        "A robotics-based calculus class",
  address =      "Seattle, WA",
  month =        1,
  year =         2016,
  note =         {Invited},
}

@inproceedings{SeattleWAJanuary2016Asym,
  entrysubtype = {external},
  keywords =     {conference},
  author =       "Chapman, Harrison",
  eventtitle =   "AMS Session on General Topics (Joint Mathematics Meetings
                  2016)",
  title =        "Asymptotic laws for knot diagrams",
  address =      "Seattle, WA",
  month =        1,
  year =         2016,
}

@inproceedings{NewOrleansLAOctober2015Asym,
  entrysubtype = {external},
  keywords =     {seminar},
  author =       "Chapman, Harrison",
  organization = "Tulane University",
  eventtitle =   "Geometry Seminar",
  title =        "Asymptotic laws for knot diagrams",
  address =      "New Orleans, LA",
  month =        10,
  year =         2015,
  note =         {Invited},
}

@inproceedings{FullertonCAOctober2015Asym,
  entrysubtype = {external},
  keywords =     {conference},
  author =       "Chapman, Harrison",
  organization = "CSU Fullerton",
  eventtitle =   "Special Session on Algebraic and Combinatorial Structures in
                  Knot Theory (AMS Fall Western Sectional Meetings 2015)",
  title =        "Asymptotics of random knot diagrams",
  address =      "Fullerton, CA",
  month =        10,
  year =         2015,
  note =         {Invited},
}

@inproceedings{MemphisTNOctober2015Asym,
  entrysubtype = {external},
  keywords =     {conference},
  author =       "Chapman, Harrison",
  organization = "University of Memphis",
  eventtitle =   "Special Session on Topological Combinatorics (AMS Fall
                  Southeastern Sectional Meetings 2015)",
  title =        "Asymptotics of random knot diagrams",
  address =      "Memphis, TN",
  month =        10,
  year =         2015,
  note =         {Invited},
}

@inproceedings{VancouverBCSeptember2015Asym,
  entrysubtype = {external},
  keywords =     {seminar},
  author =       "Chapman, Harrison",
  organization = "University of British Columbia",
  eventtitle =   "Discrete Math Seminar",
  title =        "Asymptotic laws for knot diagrams",
  address =      "Vancouver, BC",
  month =        9,
  year =         2015,
  note =         {Invited},
}

@inproceedings{BurnabyBCSeptember2015Asym,
  entrysubtype = {external},
  keywords =     {seminar},
  author =       "Chapman, Harrison",
  organization = "Simon Fraser University",
  eventtitle =   "Discrete Math Seminar",
  title =        "Asymptotic laws for knot diagrams",
  address =      "Burnaby, BC",
  month =        9,
  year =         2015,
  note =         {Invited},
}

@inproceedings{SaskatoonSKMay2015Knot,
  entrysubtype = {external},
  keywords =     {conference},
  author =       "Chapman, Harrison",
  organization = "University of Saskatchewan",
  eventtitle =   "PIMS-USASK Graduate Summer School on Applied Combinatorics",
  title =        "Knot diagrams and blossom trees",
  address =      "Saskatoon, SK",
  month =        5,
  year =         2015
}

@inproceedings{LasVegasNVApril2015Rand,
  entrysubtype = {external},
  keywords =     {conference},
  author =       "Chapman, Harrison",
  organization = "University of Nevada",
  eventtitle =   "Special Session on Inverse Problems and Related Mathematical
                  Methods in Physics (AMS Spring Western Sectional Meetings)",
  title =        "Random knot diagrams",
  address =      "Las Vegas, NV",
  month =        4,
  year =         2015,
  note =         {Invited},
}

@inproceedings{NewOrleansLAJanuary2011Pack,
  entrysubtype = {external},
  keywords =     {conference},
  author =       "Chapman, Harrison and Rupert, Malcolm",
  eventtitle =   "AMS-MAA-SIAM Special Session on Research in Mathematics by
                  Undergraduates and Students in Post-Baccalaureate Programs
                  (Joint Mathematics Meetings 2011)",
  title =        "Packets, Solving Symmetries, and {S}udoku",
  address =      "New Orleans, LA",
  month =        1,
  year =         2011
}

@inproceedings{ColumbusOHAugust2010Pack,
  entrysubtype = {external},
  keywords =     {conference},
  author =       "Chapman, Harrison and Rupert, Malcolm",
  organization = "The Ohio State University",
  eventtitle =   "Young Mathematicians Conference",
  title =        "Packets, Solving Symmetries, and {S}udoku",
  address =      "Columbus, OH",
  month =        8,
  year =         2010
}

@inproceedings{AthensGAMarch2017A,
  entrysubtype = {internal},
  keywords =     {seminar},
  author =       "Chapman, Harrison",
  organization = "University of Georgia",
  eventtitle =   "Geometry Seminar",
  title =        "A {M}arkov chain {M}onte {C}arlo sampler for knot diagrams",
  address =      "Athens, GA",
  month =        3,
  year =         2017
}

@inproceedings{AthensGAAugust2016Patt,
  entrysubtype = {internal},
  keywords =     {seminar},
  author =       "Chapman, Harrison",
  organization = "University of Georgia",
  eventtitle =   "Geometry Seminar",
  title =        "Patterns in knot diagrams",
  address =      "Athens, GA",
  month =        8,
  year =         2016
}

@inproceedings{AthensGAOctober2015The,
  entrysubtype = {internal},
  keywords =     {seminar},
  author =       "Chapman, Harrison",
  organization = "University of Georgia",
  eventtitle =   "Geometry Seminar",
  title =        "The quantum harmonic oscillator",
  address =      "Athens, GA",
  month =        10,
  year =         2015
}

@inproceedings{AthensGASeptember2015Asym,
  entrysubtype = {internal},
  keywords =     {seminar},
  author =       "Chapman, Harrison",
  organization = "University of Georgia",
  eventtitle =   "Geometry Seminar",
  title =        "Asymptotic laws for knot diagrams",
  address =      "Athens, GA",
  month =        9,
  year =         2015
}

@inproceedings{AthensGASeptember2015How,
  entrysubtype = {internal},
  keywords =     {seminar},
  author =       "Chapman, Harrison",
  organization = "University of Georgia",
  eventtitle =   "Graduate Student Seminar",
  title =        "How to count (a quick glance at analytic combinatorics)",
  address =      "Athens, GA",
  month =        9,
  year =         2015
}

@inproceedings{AthensGAJuly2015Asym,
  entrysubtype = {internal},
  keywords =     {conference},
  author =       "Chapman, Harrison",
  organization = "University of Georgia",
  eventtitle =   "Mock AMS Conference",
  title =        "Asymptotics of knot and link diagrams",
  address =      "Athens, GA",
  month =        7,
  year =         2015
}

@inproceedings{AthensGAFebruary2015Virt,
  entrysubtype = {internal},
  keywords =     {seminar},
  author =       "Chapman, Harrison",
  organization = "University of Georgia",
  eventtitle =   "Graduate Student Seminar",
  title =        "Virtual Knot Theory",
  address =      "Athens, GA",
  month =        2,
  year =         2015
}

@inproceedings{AthensGAJanuary2014Rand,
  entrysubtype = {internal},
  keywords =     {seminar},
  author =       "Chapman, Harrison",
  organization = "University of Georgia",
  eventtitle =   "Geometry Seminar",
  title =        "Random Planar Diagrams",
  address =      "Athens, GA",
  month =        1,
  year =         2014
}

@inproceedings{AthensGANovember2014The,
  entrysubtype = {internal},
  keywords =     {seminar},
  author =       "Chapman, Harrison",
  organization = "University of Georgia",
  eventtitle =   "Graduate Student Topology Seminar",
  title =        "The {P}oincar\'e homolgy sphere as the link of a singularity",
  address =      "Athens, GA",
  month =        11,
  year =         2014
}

@inproceedings{AthensGANovember2014Disc,
  entrysubtype = {internal},
  keywords =     {seminar},
  author =       "Chapman, Harrison",
  organization = "University of Georgia",
  eventtitle =   "Research Group on Minimal Surfaces",
  title =        "Discrete {R}icci Flow",
  address =      "Athens, GA",
  month =        11,
  year =         2014
}

@inproceedings{AthensGAJune2014The,
  entrysubtype = {internal},
  keywords =     {conference},
  author =       "Chapman, Harrison",
  organization = "University of Georgia",
  eventtitle =   "Mock AMS Conference",
  title =        "The Tropical {G}rassmannian",
  address =      "Athens, GA",
  month =        6,
  year =         2014
}

@inproceedings{AthensGAJune2013Hope,
  entrysubtype = {internal},
  keywords =     {conference},
  author =       "Chapman, Harrison",
  organization = "University of Georgia",
  eventtitle =   "Mock AMS Conference",
  title =        "Hope for slackers: Playing games to prove theorems",
  address =      "Athens, GA",
  month =        6,
  year =         2013
}

@inproceedings{AthensGAJune2012The,
  entrysubtype = {internal},
  keywords =     {conference},
  author =       "Chapman, Harrison",
  organization = "University of Georgia",
  eventtitle =   "Mock AMS Conference",
  title =        "The Classification of Surfaces",
  address =      "Athens, GA",
  month =        6,
  year =         2012
}

@inproceedings{AthensGAMarch2012Vino,
  entrysubtype = {internal},
  keywords =     {seminar},
  author =       "Chapman, Harrison",
  organization = "University of Georgia",
  eventtitle =   "VIGRE Research Group on Minkowski's Geometry of Numbers",
  title =        "{V}inogradov's generalization of a theorem of {A}ubry-{T}hue",
  address =      "Athens, GA",
  month =        3,
  year =         2012
}
