@thesis{ChapmanHonorsThesis,
  author={Harrison Chapman},
  title={On orbital varieties of type {A}},
  school={Bowdoin College},
  year={2011},
  month={5},
  address={Brunswick, ME},
  type={Honors thesis},
}

@article{Chapman2012,
  author={Elizabeth Arnold and Harrison Chapman and Malcolm Rupert},
  title={A group-theoretic approach to human solving strategies in {S}udoku},
  journal={Colonial Academic Alliance Undergraduate Research Journal},
  volume=3,
  number=1,
  pages=3,
  url={http://publish.wm.edu/caaurj/vol3/iss1/3/},
  year=2012,
  month=11,
}